<record><leader>00000cas a2200000 a 4500</leader><controlfield tag="001">11910738</controlfield><controlfield tag="008">850412d18981910ksuwr ne      0    0eng d</controlfield><datafield ind1=" " ind2=" " tag="010"><subfield code="a">sn 85029913 </subfield></datafield><datafield ind1=" " ind2=" " tag="040"><subfield code="a">KSH</subfield><subfield code="b">eng</subfield><subfield code="c">KSH</subfield><subfield code="d">NPT</subfield><subfield code="d">OCL</subfield><subfield code="d">OCLCQ</subfield></datafield><datafield ind1=" " ind2=" " tag="042"><subfield code="a">msc</subfield></datafield><datafield ind1="0" ind2="4" tag="245"><subfield code="a">The Desoto [i.e. De Soto] eagle eye.</subfield></datafield><datafield ind1="3" ind2="0" tag="246"><subfield code="a">De Soto eagle eye</subfield></datafield><datafield ind1=" " ind2=" " tag="260"><subfield code="a">De Soto, Kan. :</subfield><subfield code="b">Wiard &amp; Wiard</subfield></datafield><datafield ind1=" " ind2=" " tag="300"><subfield code="a">v. :</subfield><subfield code="b">ill. ;</subfield><subfield code="c">49-60 cm.</subfield></datafield><datafield ind1=" " ind2=" " tag="310"><subfield code="a">Weekly</subfield></datafield><datafield ind1="1" ind2=" " tag="362"><subfield code="a">Began with Oct. 21, 1898 issue? Ceased in 1910?</subfield></datafield><datafield ind1=" " ind2=" " tag="500"><subfield code="a">Published by G.A. Glens, Nov. 11, 1909-</subfield></datafield><datafield ind1=" " ind2=" " tag="588"><subfield code="a">Description based on: Vol. 1, no. 3 (Nov. 4, 1898).</subfield></datafield><datafield ind1=" " ind2=" " tag="752"><subfield code="a">United States</subfield><subfield code="b">Kansas</subfield><subfield code="c">Johnson</subfield><subfield code="d">De Soto.</subfield></datafield><datafield ind1="0" ind2="0" tag="785"><subfield code="t">DeSoto herald</subfield><subfield code="w">(DLC)sn 85029918</subfield></datafield></record>